@Article{pphFougeyrollas,
title = {Le processus de production des handicaps: Comment utiliser le modèle conceptuel. Exemples.},
author = {Fougeyrollas P.},
volume = {Réseau international CIDIH},
year = {1990},
pages = {4(3):11-19}
}

@Article{socialConsequences,
title = {Social consequences of long term impairments and disabilities: conceptual approach and assessment of handicap.},
author = {Fougeyrollas P and Noreau L and Bergeron H and Cloutier R and Dion SA and St-Michel G.},
volume = {Int J Rehabil Res},
year = {1998},
pages = {21(2):127-41}
}


@Article{etudeAgefiph1,
title = {Le taux d'emploi direct des personnes handicapées masque des dynamiques diversifiées},
author = {Agefiph},
}


@Article{accesFormationTH,
title = {L’accessibilité de la formation professionnelle pour les personnes en situations de handicap après la loi du 11 février 2005},
author = {Isabelle Mérian},
volume = {4},
year = {2010},
}

@Article{etudeDares1,
title = {Accès à l'emploi et qualité de l'insertion professionnelle des travailleurs handicapés en milieu ordinaire de travail},
author = {Claire FANJEAU},
volume = {126},
year = {Juin 2007},
}

@book{handicapEntrepriseContraintes,
    author    = "Guy Tisserant",
    title     = "Le handicap en entreprise, contrainte ou opportunité ?",
    year      = "2012",
    publisher = "Pearson France",
}

@Article{tendances2,
title = {Retravailler après un accident ou une maladie grave},
author = {Anne Loones and Marie-Odile Simon},
volume = {2},
year = {Février 2005},
}
